<?xml version="1.0" encoding="UTF-8"?><collection xmlns="http://www.loc.gov/MARC21/slim"><record><leader>00541nam--2200181-i-4500</leader><controlfield tag="001">000040446</controlfield><controlfield tag="002">20161230</controlfield><controlfield tag="005">20161230201042</controlfield><controlfield tag="008">060222s1000------------r-----000-0-ger-d</controlfield><datafield ind1=" " ind2=" " tag="040"><subfield code="a">IFIN-HH</subfield></datafield><datafield ind1=" " ind2=" " tag="041"><subfield code="a">ger</subfield></datafield><datafield ind1=" " ind2=" " tag="080"><subfield code="a">534-8</subfield></datafield><datafield ind1="1" ind2=" " tag="100"><subfield code="a">Schaaffs,Werner</subfield></datafield><datafield ind1="1" ind2="0" tag="245"><subfield code="a">Molekularakustik. eine einfuhrung in die zusammenhamge zwischen ultraschall und molekulstruktur in flussigkeiten und gasen</subfield><subfield code="c">Werner schaaffs</subfield></datafield><datafield ind1=" " ind2=" " tag="260"><subfield code="a">Berlin, Springer-verlag, 1963</subfield></datafield><datafield ind1=" " ind2=" " tag="300"><subfield code="a">XV + 497 P</subfield></datafield><datafield ind1=" " ind2=" " tag="852"><subfield code="a">75182</subfield><subfield code="c">534</subfield></datafield><datafield ind1=" " ind2=" " tag="CAT"><subfield code="a">Sys</subfield><subfield code="c">20151119</subfield><subfield code="h">151717</subfield></datafield></record></collection>